
% Book example
@book{barrat2008dynamical,
  title={Dynamical processes on complex networks},
  author={Barrat, Alain and Barthelemy, Marc and Vespignani, Alessandro},
  year={2008},
  publisher={Cambridge university press}
}

% Article example
@article{axelrod1997dissemination,
  title={The Dissemination of Culture: A Model with Local Convergence and Global Polarization},
  author={Axelrod, Robert},
  journal={The Journal of Conflict Resolution},
  volume={41},
  number={2},
  pages={203--226},
  year={1997},
  publisher={SAGE Publications},
  url={http://www.jstor.org/stable/174371},
  note={Accessed 6 July 2025}
}

@article{PhysRevLett.85.3536,
  title = {Nonequilibrium Phase Transition in a Model for Social Influence},
  author = {Castellano, Claudio and Marsili, Matteo and Vespignani, Alessandro},
  journal = {Phys. Rev. Lett.},
  volume = {85},
  issue = {16},
  pages = {3536--3539},
  numpages = {0},
  year = {2000},
  month = {Oct},
  publisher = {American Physical Society},
  doi = {10.1103/PhysRevLett.85.3536},
  url = {https://link.aps.org/doi/10.1103/PhysRevLett.85.3536}
}



% Web link example
@misc{anes2025timeseries,
  author = {{American National Election Studies}},
  title = {{ANES 2024 Time Series Study Preliminary Release: Combined Pre-Election and Post-Election Data}},
  year = {2025},
  howpublished = {\url{https://www.electionstudies.org}},
  note = {Dataset and documentation, April 30, 2025 version. Accessed 6 July 2025}
}

@misc{facebook2025sci,
  author = {{Facebook Data for Good}},
  title = {{Facebook Social Connectedness Index}},
  year = {2025},
  howpublished = {\url{https://data.humdata.org/dataset/social-connectedness-index}},
  note = {Dataset and documentation, October 2021 version. Accessed 12 July 2025}
}

@misc{eurostat2025nuts,
  author = {{Eurostat}},
  title = {{Nomenclature of Territorial Units for Statistics (NUTS)}},
  year = {2025},
  howpublished = {\url{https://ec.europa.eu/eurostat/web/nuts}},
  note = {Webpage and documentation, latest update accessed 12 July 2025}
}

@misc{google2025gemini,
  author = {{Google DeepMind}},
  title = {{Gemini AI}},
  year = {2025},
  howpublished = {\url{https://deepmind.google/models/gemini/}},
  note = {Webpage and documentation, accessed 12 July 2025}
}